@Misc{rental_prices_city,
	author = "Wohnung.com",
	Title  = "\emph{Top Mietpreis}",
	Note   = "\url{http://www.wohnung.com/mietpreise}
	[Accessed: 2022/01/24]",
	year = 2022,
}
@Misc{rental_prices_states,
	author = "Wohnung.com",
	Title  = "\emph{Alle Städte im Überblick}",
	Note   = "\url{http://www.wohnung.com/alle-staedte}
	[Accessed: 2022/01/24]",
	year = 2022,
}
@Misc{inflation,
	author = "Statista GmbH",
	Title  = "\emph{Inflationsrate in Deutschland von 1992 bis 2021}",
	Note   = "\url{https://de.statista.com/statistik/daten/studie/1046/umfrage/inflationsrate-veraenderung-des-verbraucherpreisindexes-zum-vorjahr/}
	[Accessed: 2022/01/24]",
	year = 2022,
}
@Misc{inflation_ratio,
	author = "Statistisches Bundesamt",
	Title  = "\emph{Preis-Kaleidoskop}",
	Note   = "\url{https://service.destatis.de/Voronoi/PreisKaleidoskop.svg}
	[Accessed: 2022/01/24]",
	year = 2021,
}
@Misc{munich_prices,
	author = "Morgenpost.com",
	Title  = "\emph{Das sind die teuersten Städte Deutschlands 2017}",
	Note   = "\url{https://www.morgenpost.de/berlin-aktuell/article211514671/Mieten-Wohnen-Das-sind-die-teuersten-Staedte-Deutschlands-2017.html}
	[Accessed: 2022/01/24]",
	year = 2017,
}
@Misc{geo_data,
	author = "Robert J. Hijmans",
	Title  = "\emph{Administrative areas (GADM), Germany}",
	Note   = "\url{http://www.diva-gis.org/datadown}
	[Accessed: 2022/01/24]",
	year = NA,
}